<?xml version="1.0" encoding="UTF-8"?><record xmlns="http://www.loc.gov/MARC21/slim" xmlns:cinclude="http://apache.org/cocoon/include/1.0" xmlns:zs="http://www.loc.gov/zing/srw/">
  <leader>00568nz  a2200145n  4500</leader>
  <controlfield tag="001">no2009157729</controlfield>
  <controlfield tag="003">DLC</controlfield>
  <controlfield tag="005">20091004075324.0</controlfield>
  <controlfield tag="008">091002n| acannaabn          |n ana     c</controlfield>
  <datafield tag="010" ind1=" " ind2=" ">
    <subfield code="a">no2009157729</subfield>
  </datafield>
  <datafield tag="035" ind1=" " ind2=" ">
    <subfield code="a">(OCoLC)oca08260112</subfield>
  </datafield>
  <datafield tag="040" ind1=" " ind2=" ">
    <subfield code="a">MoSU-L</subfield>
    <subfield code="b">eng</subfield>
    <subfield code="c">MoSU-L</subfield>
  </datafield>
  <datafield tag="110" ind1="1" ind2=" ">
    <subfield code="a">United States.</subfield>
    <subfield code="b">Congress</subfield>
    <subfield code="n">(40th, 2nd session :</subfield>
    <subfield code="d">1867-1868)</subfield>
  </datafield>
  <datafield tag="670" ind1=" " ind2=" ">
    <subfield code="a">Trial of Henry Wirz, 1868 :</subfield>
    <subfield code="b">p. [1] (40th Congress, 2d Session.  House of Representatives)</subfield>
  </datafield>
  <datafield tag="670" ind1=" " ind2=" ">
    <subfield code="a">Cong. Dir., 2007/2008:</subfield>
    <subfield code="b">p. 519 (40th Congress, 2 Session; Convening Date: Dec. 2, 1867; Adjournment Date: Nov. 10, 1868)</subfield>
  </datafield>
</record>